@article{cohen1994voxel,
  title={Voxel traversal along a {3D} line},
  author={Cohen, Daniel},
  journal={Graphics gems IV},
  volume={4},
  pages={366},
  year={1994},
  publisher={Morgan Kaufmann}
}

@online{bresenhamwiki,
  author = {{Wikipedia community}},
  title = {Bresenham's line algorithm},
  howpublished = {\url{https://en.wikipedia.org/wiki/Bresenham's_algorithm}},
  note = {Accessed: 2014-03-14}
}
